%YAML 1.1
%TAG !u! tag:unity3d.com,2011:
--- !u!1 &8993273019645944216
GameObject:
  m_ObjectHideFlags: 0
  m_CorrespondingSourceObject: {fileID: 0}
  m_PrefabInstance: {fileID: 0}
  m_PrefabAsset: {fileID: 0}
  serializedVersion: 6
  m_Component:
  - component: {fileID: 2144302967297430510}
  m_Layer: 0
  m_Name: fullSceneLow
  m_TagString: Untagged
  m_Icon: {fileID: 0}
  m_NavMeshLayer: 0
  m_StaticEditorFlags: 0
  m_IsActive: 1
--- !u!4 &2144302967297430510
Transform:
  m_ObjectHideFlags: 0
  m_CorrespondingSourceObject: {fileID: 0}
  m_PrefabInstance: {fileID: 0}
  m_PrefabAsset: {fileID: 0}
  m_GameObject: {fileID: 8993273019645944216}
  m_LocalRotation: {x: 0, y: 0, z: 0, w: 1}
  m_LocalPosition: {x: 0, y: 0, z: 0}
  m_LocalScale: {x: 1, y: 1, z: 1}
  m_Children:
  - {fileID: 3997735217057031304}
  - {fileID: 6731342880852267586}
  - {fileID: 6572871785442487}
  - {fileID: 6241183600965733862}
  - {fileID: 7235492575663838042}
  - {fileID: 1393633858974810224}
  - {fileID: 7598284940140726287}
  - {fileID: 5351881673923930147}
  - {fileID: 4331846145598181695}
  - {fileID: 721033680122828929}
  - {fileID: 2549743037799371567}
  - {fileID: 328698568134402502}
  - {fileID: 4542602086081514431}
  - {fileID: 5551388655014190202}
  - {fileID: 8404197318929392234}
  - {fileID: 1222224398426008104}
  - {fileID: 109549043413872883}
  - {fileID: 5498046627377398225}
  - {fileID: 1794631453662521686}
  - {fileID: 8524422592360702434}
  - {fileID: 8449826763319894486}
  m_Father: {fileID: 0}
  m_RootOrder: 0
  m_LocalEulerAnglesHint: {x: 0, y: 0, z: 0}
--- !u!1001 &248676016426219886
PrefabInstance:
  m_ObjectHideFlags: 0
  serializedVersion: 2
  m_Modification:
    m_TransformParent: {fileID: 2144302967297430510}
    m_Modifications:
    - target: {fileID: 5010543982644176789, guid: 5992affb159791849b8ccea93cbd6d6c,
        type: 3}
      propertyPath: m_Name
      value: GrountBlock (6)
      objectReference: {fileID: 0}
    - target: {fileID: 5275629972027265357, guid: 5992affb159791849b8ccea93cbd6d6c,
        type: 3}
      propertyPath: m_LocalPosition.x
      value: -3.5
      objectReference: {fileID: 0}
    - target: {fileID: 5275629972027265357, guid: 5992affb159791849b8ccea93cbd6d6c,
        type: 3}
      propertyPath: m_LocalPosition.y
      value: 0
      objectReference: {fileID: 0}
    - target: {fileID: 5275629972027265357, guid: 5992affb159791849b8ccea93cbd6d6c,
        type: 3}
      propertyPath: m_LocalPosition.z
      value: 7.5
      objectReference: {fileID: 0}
    - target: {fileID: 5275629972027265357, guid: 5992affb159791849b8ccea93cbd6d6c,
        type: 3}
      propertyPath: m_LocalRotation.x
      value: 0
      objectReference: {fileID: 0}
    - target: {fileID: 5275629972027265357, guid: 5992affb159791849b8ccea93cbd6d6c,
        type: 3}
      propertyPath: m_LocalRotation.y
      value: -0
      objectReference: {fileID: 0}
    - target: {fileID: 5275629972027265357, guid: 5992affb159791849b8ccea93cbd6d6c,
        type: 3}
      propertyPath: m_LocalRotation.z
      value: -0
      objectReference: {fileID: 0}
    - target: {fileID: 5275629972027265357, guid: 5992affb159791849b8ccea93cbd6d6c,
        type: 3}
      propertyPath: m_LocalRotation.w
      value: 1
      objectReference: {fileID: 0}
    - target: {fileID: 5275629972027265357, guid: 5992affb159791849b8ccea93cbd6d6c,
        type: 3}
      propertyPath: m_RootOrder
      value: 7
      objectReference: {fileID: 0}
    - target: {fileID: 5275629972027265357, guid: 5992affb159791849b8ccea93cbd6d6c,
        type: 3}
      propertyPath: m_LocalEulerAnglesHint.x
      value: 0
      objectReference: {fileID: 0}
    - target: {fileID: 5275629972027265357, guid: 5992affb159791849b8ccea93cbd6d6c,
        type: 3}
      propertyPath: m_LocalEulerAnglesHint.y
      value: 0
      objectReference: {fileID: 0}
    - target: {fileID: 5275629972027265357, guid: 5992affb159791849b8ccea93cbd6d6c,
        type: 3}
      propertyPath: m_LocalEulerAnglesHint.z
      value: 0
      objectReference: {fileID: 0}
    m_RemovedComponents: []
  m_SourcePrefab: {fileID: 100100000, guid: 5992affb159791849b8ccea93cbd6d6c, type: 3}
--- !u!4 &5351881673923930147 stripped
Transform:
  m_CorrespondingSourceObject: {fileID: 5275629972027265357, guid: 5992affb159791849b8ccea93cbd6d6c,
    type: 3}
  m_PrefabInstance: {fileID: 248676016426219886}
  m_PrefabAsset: {fileID: 0}
--- !u!1001 &305315771781205303
PrefabInstance:
  m_ObjectHideFlags: 0
  serializedVersion: 2
  m_Modification:
    m_TransformParent: {fileID: 2144302967297430510}
    m_Modifications:
    - target: {fileID: 5010543982644176789, guid: 5992affb159791849b8ccea93cbd6d6c,
        type: 3}
      propertyPath: m_Name
      value: GrountBlock (12)
      objectReference: {fileID: 0}
    - target: {fileID: 5275629972027265357, guid: 5992affb159791849b8ccea93cbd6d6c,
        type: 3}
      propertyPath: m_LocalPosition.x
      value: -9.5
      objectReference: {fileID: 0}
    - target: {fileID: 5275629972027265357, guid: 5992affb159791849b8ccea93cbd6d6c,
        type: 3}
      propertyPath: m_LocalPosition.y
      value: 0
      objectReference: {fileID: 0}
    - target: {fileID: 5275629972027265357, guid: 5992affb159791849b8ccea93cbd6d6c,
        type: 3}
      propertyPath: m_LocalPosition.z
      value: 1.5
      objectReference: {fileID: 0}
    - target: {fileID: 5275629972027265357, guid: 5992affb159791849b8ccea93cbd6d6c,
        type: 3}
      propertyPath: m_LocalRotation.x
      value: 0
      objectReference: {fileID: 0}
    - target: {fileID: 5275629972027265357, guid: 5992affb159791849b8ccea93cbd6d6c,
        type: 3}
      propertyPath: m_LocalRotation.y
      value: -0
      objectReference: {fileID: 0}
    - target: {fileID: 5275629972027265357, guid: 5992affb159791849b8ccea93cbd6d6c,
        type: 3}
      propertyPath: m_LocalRotation.z
      value: -0
      objectReference: {fileID: 0}
    - target: {fileID: 5275629972027265357, guid: 5992affb159791849b8ccea93cbd6d6c,
        type: 3}
      propertyPath: m_LocalRotation.w
      value: 1
      objectReference: {fileID: 0}
    - target: {fileID: 5275629972027265357, guid: 5992affb159791849b8ccea93cbd6d6c,
        type: 3}
      propertyPath: m_RootOrder
      value: 13
      objectReference: {fileID: 0}
    - target: {fileID: 5275629972027265357, guid: 5992affb159791849b8ccea93cbd6d6c,
        type: 3}
      propertyPath: m_LocalEulerAnglesHint.x
      value: 0
      objectReference: {fileID: 0}
    - target: {fileID: 5275629972027265357, guid: 5992affb159791849b8ccea93cbd6d6c,
        type: 3}
      propertyPath: m_LocalEulerAnglesHint.y
      value: 0
      objectReference: {fileID: 0}
    - target: {fileID: 5275629972027265357, guid: 5992affb159791849b8ccea93cbd6d6c,
        type: 3}
      propertyPath: m_LocalEulerAnglesHint.z
      value: 0
      objectReference: {fileID: 0}
    m_RemovedComponents: []
  m_SourcePrefab: {fileID: 100100000, guid: 5992affb159791849b8ccea93cbd6d6c, type: 3}
--- !u!4 &5551388655014190202 stripped
Transform:
  m_CorrespondingSourceObject: {fileID: 5275629972027265357, guid: 5992affb159791849b8ccea93cbd6d6c,
    type: 3}
  m_PrefabInstance: {fileID: 305315771781205303}
  m_PrefabAsset: {fileID: 0}
--- !u!1001 &394682639632273564
PrefabInstance:
  m_ObjectHideFlags: 0
  serializedVersion: 2
  m_Modification:
    m_TransformParent: {fileID: 2144302967297430510}
    m_Modifications:
    - target: {fileID: 5010543982644176789, guid: 5992affb159791849b8ccea93cbd6d6c,
        type: 3}
      propertyPath: m_Name
      value: GrountBlock (16)
      objectReference: {fileID: 0}
    - target: {fileID: 5275629972027265357, guid: 5992affb159791849b8ccea93cbd6d6c,
        type: 3}
      propertyPath: m_LocalPosition.x
      value: -5.5
      objectReference: {fileID: 0}
    - target: {fileID: 5275629972027265357, guid: 5992affb159791849b8ccea93cbd6d6c,
        type: 3}
      propertyPath: m_LocalPosition.y
      value: 0
      objectReference: {fileID: 0}
    - target: {fileID: 5275629972027265357, guid: 5992affb159791849b8ccea93cbd6d6c,
        type: 3}
      propertyPath: m_LocalPosition.z
      value: -2.5
      objectReference: {fileID: 0}
    - target: {fileID: 5275629972027265357, guid: 5992affb159791849b8ccea93cbd6d6c,
        type: 3}
      propertyPath: m_LocalRotation.x
      value: 0
      objectReference: {fileID: 0}
    - target: {fileID: 5275629972027265357, guid: 5992affb159791849b8ccea93cbd6d6c,
        type: 3}
      propertyPath: m_LocalRotation.y
      value: -0
      objectReference: {fileID: 0}
    - target: {fileID: 5275629972027265357, guid: 5992affb159791849b8ccea93cbd6d6c,
        type: 3}
      propertyPath: m_LocalRotation.z
      value: -0
      objectReference: {fileID: 0}
    - target: {fileID: 5275629972027265357, guid: 5992affb159791849b8ccea93cbd6d6c,
        type: 3}
      propertyPath: m_LocalRotation.w
      value: 1
      objectReference: {fileID: 0}
    - target: {fileID: 5275629972027265357, guid: 5992affb159791849b8ccea93cbd6d6c,
        type: 3}
      propertyPath: m_RootOrder
      value: 17
      objectReference: {fileID: 0}
    - target: {fileID: 5275629972027265357, guid: 5992affb159791849b8ccea93cbd6d6c,
        type: 3}
      propertyPath: m_LocalEulerAnglesHint.x
      value: 0
      objectReference: {fileID: 0}
    - target: {fileID: 5275629972027265357, guid: 5992affb159791849b8ccea93cbd6d6c,
        type: 3}
      propertyPath: m_LocalEulerAnglesHint.y
      value: 0
      objectReference: {fileID: 0}
    - target: {fileID: 5275629972027265357, guid: 5992affb159791849b8ccea93cbd6d6c,
        type: 3}
      propertyPath: m_LocalEulerAnglesHint.z
      value: 0
      objectReference: {fileID: 0}
    m_RemovedComponents: []
  m_SourcePrefab: {fileID: 100100000, guid: 5992affb159791849b8ccea93cbd6d6c, type: 3}
--- !u!4 &5498046627377398225 stripped
Transform:
  m_CorrespondingSourceObject: {fileID: 5275629972027265357, guid: 5992affb159791849b8ccea93cbd6d6c,
    type: 3}
  m_PrefabInstance: {fileID: 394682639632273564}
  m_PrefabAsset: {fileID: 0}
--- !u!1001 &1467123640533975823
PrefabInstance:
  m_ObjectHideFlags: 0
  serializedVersion: 2
  m_Modification:
    m_TransformParent: {fileID: 2144302967297430510}
    m_Modifications:
    - target: {fileID: 5010543982644176789, guid: 5992affb159791849b8ccea93cbd6d6c,
        type: 3}
      propertyPath: m_Name
      value: GrountBlock
      objectReference: {fileID: 0}
    - target: {fileID: 5275629972027265357, guid: 5992affb159791849b8ccea93cbd6d6c,
        type: 3}
      propertyPath: m_LocalPosition.x
      value: 0.5
      objectReference: {fileID: 0}
    - target: {fileID: 5275629972027265357, guid: 5992affb159791849b8ccea93cbd6d6c,
        type: 3}
      propertyPath: m_LocalPosition.y
      value: 0
      objectReference: {fileID: 0}
    - target: {fileID: 5275629972027265357, guid: 5992affb159791849b8ccea93cbd6d6c,
        type: 3}
      propertyPath: m_LocalPosition.z
      value: -0.5
      objectReference: {fileID: 0}
    - target: {fileID: 5275629972027265357, guid: 5992affb159791849b8ccea93cbd6d6c,
        type: 3}
      propertyPath: m_LocalRotation.x
      value: 0
      objectReference: {fileID: 0}
    - target: {fileID: 5275629972027265357, guid: 5992affb159791849b8ccea93cbd6d6c,
        type: 3}
      propertyPath: m_LocalRotation.y
      value: -0
      objectReference: {fileID: 0}
    - target: {fileID: 5275629972027265357, guid: 5992affb159791849b8ccea93cbd6d6c,
        type: 3}
      propertyPath: m_LocalRotation.z
      value: -0
      objectReference: {fileID: 0}
    - target: {fileID: 5275629972027265357, guid: 5992affb159791849b8ccea93cbd6d6c,
        type: 3}
      propertyPath: m_LocalRotation.w
      value: 1
      objectReference: {fileID: 0}
    - target: {fileID: 5275629972027265357, guid: 5992affb159791849b8ccea93cbd6d6c,
        type: 3}
      propertyPath: m_RootOrder
      value: 1
      objectReference: {fileID: 0}
    - target: {fileID: 5275629972027265357, guid: 5992affb159791849b8ccea93cbd6d6c,
        type: 3}
      propertyPath: m_LocalEulerAnglesHint.x
      value: 0
      objectReference: {fileID: 0}
    - target: {fileID: 5275629972027265357, guid: 5992affb159791849b8ccea93cbd6d6c,
        type: 3}
      propertyPath: m_LocalEulerAnglesHint.y
      value: 0
      objectReference: {fileID: 0}
    - target: {fileID: 5275629972027265357, guid: 5992affb159791849b8ccea93cbd6d6c,
        type: 3}
      propertyPath: m_LocalEulerAnglesHint.z
      value: 0
      objectReference: {fileID: 0}
    m_RemovedComponents: []
  m_SourcePrefab: {fileID: 100100000, guid: 5992affb159791849b8ccea93cbd6d6c, type: 3}
--- !u!4 &6731342880852267586 stripped
Transform:
  m_CorrespondingSourceObject: {fileID: 5275629972027265357, guid: 5992affb159791849b8ccea93cbd6d6c,
    type: 3}
  m_PrefabInstance: {fileID: 1467123640533975823}
  m_PrefabAsset: {fileID: 0}
--- !u!1001 &2282180320295427243
PrefabInstance:
  m_ObjectHideFlags: 0
  serializedVersion: 2
  m_Modification:
    m_TransformParent: {fileID: 2144302967297430510}
    m_Modifications:
    - target: {fileID: 5010543982644176789, guid: 5992affb159791849b8ccea93cbd6d6c,
        type: 3}
      propertyPath: m_Name
      value: GrountBlock (2)
      objectReference: {fileID: 0}
    - target: {fileID: 5275629972027265357, guid: 5992affb159791849b8ccea93cbd6d6c,
        type: 3}
      propertyPath: m_LocalPosition.x
      value: 0.5
      objectReference: {fileID: 0}
    - target: {fileID: 5275629972027265357, guid: 5992affb159791849b8ccea93cbd6d6c,
        type: 3}
      propertyPath: m_LocalPosition.y
      value: 0
      objectReference: {fileID: 0}
    - target: {fileID: 5275629972027265357, guid: 5992affb159791849b8ccea93cbd6d6c,
        type: 3}
      propertyPath: m_LocalPosition.z
      value: 3.5
      objectReference: {fileID: 0}
    - target: {fileID: 5275629972027265357, guid: 5992affb159791849b8ccea93cbd6d6c,
        type: 3}
      propertyPath: m_LocalRotation.x
      value: 0
      objectReference: {fileID: 0}
    - target: {fileID: 5275629972027265357, guid: 5992affb159791849b8ccea93cbd6d6c,
        type: 3}
      propertyPath: m_LocalRotation.y
      value: -0
      objectReference: {fileID: 0}
    - target: {fileID: 5275629972027265357, guid: 5992affb159791849b8ccea93cbd6d6c,
        type: 3}
      propertyPath: m_LocalRotation.z
      value: -0
      objectReference: {fileID: 0}
    - target: {fileID: 5275629972027265357, guid: 5992affb159791849b8ccea93cbd6d6c,
        type: 3}
      propertyPath: m_LocalRotation.w
      value: 1
      objectReference: {fileID: 0}
    - target: {fileID: 5275629972027265357, guid: 5992affb159791849b8ccea93cbd6d6c,
        type: 3}
      propertyPath: m_RootOrder
      value: 3
      objectReference: {fileID: 0}
    - target: {fileID: 5275629972027265357, guid: 5992affb159791849b8ccea93cbd6d6c,
        type: 3}
      propertyPath: m_LocalEulerAnglesHint.x
      value: 0
      objectReference: {fileID: 0}
    - target: {fileID: 5275629972027265357, guid: 5992affb159791849b8ccea93cbd6d6c,
        type: 3}
      propertyPath: m_LocalEulerAnglesHint.y
      value: 0
      objectReference: {fileID: 0}
    - target: {fileID: 5275629972027265357, guid: 5992affb159791849b8ccea93cbd6d6c,
        type: 3}
      propertyPath: m_LocalEulerAnglesHint.z
      value: 0
      objectReference: {fileID: 0}
    m_RemovedComponents: []
  m_SourcePrefab: {fileID: 100100000, guid: 5992affb159791849b8ccea93cbd6d6c, type: 3}
--- !u!4 &6241183600965733862 stripped
Transform:
  m_CorrespondingSourceObject: {fileID: 5275629972027265357, guid: 5992affb159791849b8ccea93cbd6d6c,
    type: 3}
  m_PrefabInstance: {fileID: 2282180320295427243}
  m_PrefabAsset: {fileID: 0}
--- !u!1001 &2325065115321178434
PrefabInstance:
  m_ObjectHideFlags: 0
  serializedVersion: 2
  m_Modification:
    m_TransformParent: {fileID: 2144302967297430510}
    m_Modifications:
    - target: {fileID: 5010543982644176789, guid: 5992affb159791849b8ccea93cbd6d6c,
        type: 3}
      propertyPath: m_Name
      value: GrountBlock (5)
      objectReference: {fileID: 0}
    - target: {fileID: 5275629972027265357, guid: 5992affb159791849b8ccea93cbd6d6c,
        type: 3}
      propertyPath: m_LocalPosition.x
      value: -1.5
      objectReference: {fileID: 0}
    - target: {fileID: 5275629972027265357, guid: 5992affb159791849b8ccea93cbd6d6c,
        type: 3}
      propertyPath: m_LocalPosition.y
      value: 0
      objectReference: {fileID: 0}
    - target: {fileID: 5275629972027265357, guid: 5992affb159791849b8ccea93cbd6d6c,
        type: 3}
      propertyPath: m_LocalPosition.z
      value: 7.5
      objectReference: {fileID: 0}
    - target: {fileID: 5275629972027265357, guid: 5992affb159791849b8ccea93cbd6d6c,
        type: 3}
      propertyPath: m_LocalRotation.x
      value: 0
      objectReference: {fileID: 0}
    - target: {fileID: 5275629972027265357, guid: 5992affb159791849b8ccea93cbd6d6c,
        type: 3}
      propertyPath: m_LocalRotation.y
      value: -0
      objectReference: {fileID: 0}
    - target: {fileID: 5275629972027265357, guid: 5992affb159791849b8ccea93cbd6d6c,
        type: 3}
      propertyPath: m_LocalRotation.z
      value: -0
      objectReference: {fileID: 0}
    - target: {fileID: 5275629972027265357, guid: 5992affb159791849b8ccea93cbd6d6c,
        type: 3}
      propertyPath: m_LocalRotation.w
      value: 1
      objectReference: {fileID: 0}
    - target: {fileID: 5275629972027265357, guid: 5992affb159791849b8ccea93cbd6d6c,
        type: 3}
      propertyPath: m_RootOrder
      value: 6
      objectReference: {fileID: 0}
    - target: {fileID: 5275629972027265357, guid: 5992affb159791849b8ccea93cbd6d6c,
        type: 3}
      propertyPath: m_LocalEulerAnglesHint.x
      value: 0
      objectReference: {fileID: 0}
    - target: {fileID: 5275629972027265357, guid: 5992affb159791849b8ccea93cbd6d6c,
        type: 3}
      propertyPath: m_LocalEulerAnglesHint.y
      value: 0
      objectReference: {fileID: 0}
    - target: {fileID: 5275629972027265357, guid: 5992affb159791849b8ccea93cbd6d6c,
        type: 3}
      propertyPath: m_LocalEulerAnglesHint.z
      value: 0
      objectReference: {fileID: 0}
    m_RemovedComponents: []
  m_SourcePrefab: {fileID: 100100000, guid: 5992affb159791849b8ccea93cbd6d6c, type: 3}
--- !u!4 &7598284940140726287 stripped
Transform:
  m_CorrespondingSourceObject: {fileID: 5275629972027265357, guid: 5992affb159791849b8ccea93cbd6d6c,
    type: 3}
  m_PrefabInstance: {fileID: 2325065115321178434}
  m_PrefabAsset: {fileID: 0}
--- !u!1001 &3269454637316276759
PrefabInstance:
  m_ObjectHideFlags: 0
  serializedVersion: 2
  m_Modification:
    m_TransformParent: {fileID: 2144302967297430510}
    m_Modifications:
    - target: {fileID: 5010543982644176789, guid: 5992affb159791849b8ccea93cbd6d6c,
        type: 3}
      propertyPath: m_Name
      value: GrountBlock (3)
      objectReference: {fileID: 0}
    - target: {fileID: 5275629972027265357, guid: 5992affb159791849b8ccea93cbd6d6c,
        type: 3}
      propertyPath: m_LocalPosition.x
      value: 0.5
      objectReference: {fileID: 0}
    - target: {fileID: 5275629972027265357, guid: 5992affb159791849b8ccea93cbd6d6c,
        type: 3}
      propertyPath: m_LocalPosition.y
      value: 0
      objectReference: {fileID: 0}
    - target: {fileID: 5275629972027265357, guid: 5992affb159791849b8ccea93cbd6d6c,
        type: 3}
      propertyPath: m_LocalPosition.z
      value: 5.5
      objectReference: {fileID: 0}
    - target: {fileID: 5275629972027265357, guid: 5992affb159791849b8ccea93cbd6d6c,
        type: 3}
      propertyPath: m_LocalRotation.x
      value: 0
      objectReference: {fileID: 0}
    - target: {fileID: 5275629972027265357, guid: 5992affb159791849b8ccea93cbd6d6c,
        type: 3}
      propertyPath: m_LocalRotation.y
      value: -0
      objectReference: {fileID: 0}
    - target: {fileID: 5275629972027265357, guid: 5992affb159791849b8ccea93cbd6d6c,
        type: 3}
      propertyPath: m_LocalRotation.z
      value: -0
      objectReference: {fileID: 0}
    - target: {fileID: 5275629972027265357, guid: 5992affb159791849b8ccea93cbd6d6c,
        type: 3}
      propertyPath: m_LocalRotation.w
      value: 1
      objectReference: {fileID: 0}
    - target: {fileID: 5275629972027265357, guid: 5992affb159791849b8ccea93cbd6d6c,
        type: 3}
      propertyPath: m_RootOrder
      value: 4
      objectReference: {fileID: 0}
    - target: {fileID: 5275629972027265357, guid: 5992affb159791849b8ccea93cbd6d6c,
        type: 3}
      propertyPath: m_LocalEulerAnglesHint.x
      value: 0
      objectReference: {fileID: 0}
    - target: {fileID: 5275629972027265357, guid: 5992affb159791849b8ccea93cbd6d6c,
        type: 3}
      propertyPath: m_LocalEulerAnglesHint.y
      value: 0
      objectReference: {fileID: 0}
    - target: {fileID: 5275629972027265357, guid: 5992affb159791849b8ccea93cbd6d6c,
        type: 3}
      propertyPath: m_LocalEulerAnglesHint.z
      value: 0
      objectReference: {fileID: 0}
    m_RemovedComponents: []
  m_SourcePrefab: {fileID: 100100000, guid: 5992affb159791849b8ccea93cbd6d6c, type: 3}
--- !u!4 &7235492575663838042 stripped
Transform:
  m_CorrespondingSourceObject: {fileID: 5275629972027265357, guid: 5992affb159791849b8ccea93cbd6d6c,
    type: 3}
  m_PrefabInstance: {fileID: 3269454637316276759}
  m_PrefabAsset: {fileID: 0}
--- !u!1001 &4356420297962008731
PrefabInstance:
  m_ObjectHideFlags: 0
  serializedVersion: 2
  m_Modification:
    m_TransformParent: {fileID: 2144302967297430510}
    m_Modifications:
    - target: {fileID: 5010543982644176789, guid: 5992affb159791849b8ccea93cbd6d6c,
        type: 3}
      propertyPath: m_Name
      value: GrountBlock (19)
      objectReference: {fileID: 0}
    - target: {fileID: 5275629972027265357, guid: 5992affb159791849b8ccea93cbd6d6c,
        type: 3}
      propertyPath: m_LocalPosition.x
      value: 0.5
      objectReference: {fileID: 0}
    - target: {fileID: 5275629972027265357, guid: 5992affb159791849b8ccea93cbd6d6c,
        type: 3}
      propertyPath: m_LocalPosition.y
      value: 0
      objectReference: {fileID: 0}
    - target: {fileID: 5275629972027265357, guid: 5992affb159791849b8ccea93cbd6d6c,
        type: 3}
      propertyPath: m_LocalPosition.z
      value: -2.5
      objectReference: {fileID: 0}
    - target: {fileID: 5275629972027265357, guid: 5992affb159791849b8ccea93cbd6d6c,
        type: 3}
      propertyPath: m_LocalRotation.x
      value: 0
      objectReference: {fileID: 0}
    - target: {fileID: 5275629972027265357, guid: 5992affb159791849b8ccea93cbd6d6c,
        type: 3}
      propertyPath: m_LocalRotation.y
      value: -0
      objectReference: {fileID: 0}
    - target: {fileID: 5275629972027265357, guid: 5992affb159791849b8ccea93cbd6d6c,
        type: 3}
      propertyPath: m_LocalRotation.z
      value: -0
      objectReference: {fileID: 0}
    - target: {fileID: 5275629972027265357, guid: 5992affb159791849b8ccea93cbd6d6c,
        type: 3}
      propertyPath: m_LocalRotation.w
      value: 1
      objectReference: {fileID: 0}
    - target: {fileID: 5275629972027265357, guid: 5992affb159791849b8ccea93cbd6d6c,
        type: 3}
      propertyPath: m_RootOrder
      value: 20
      objectReference: {fileID: 0}
    - target: {fileID: 5275629972027265357, guid: 5992affb159791849b8ccea93cbd6d6c,
        type: 3}
      propertyPath: m_LocalEulerAnglesHint.x
      value: 0
      objectReference: {fileID: 0}
    - target: {fileID: 5275629972027265357, guid: 5992affb159791849b8ccea93cbd6d6c,
        type: 3}
      propertyPath: m_LocalEulerAnglesHint.y
      value: 0
      objectReference: {fileID: 0}
    - target: {fileID: 5275629972027265357, guid: 5992affb159791849b8ccea93cbd6d6c,
        type: 3}
      propertyPath: m_LocalEulerAnglesHint.z
      value: 0
      objectReference: {fileID: 0}
    m_RemovedComponents: []
  m_SourcePrefab: {fileID: 100100000, guid: 5992affb159791849b8ccea93cbd6d6c, type: 3}
--- !u!4 &8449826763319894486 stripped
Transform:
  m_CorrespondingSourceObject: {fileID: 5275629972027265357, guid: 5992affb159791849b8ccea93cbd6d6c,
    type: 3}
  m_PrefabInstance: {fileID: 4356420297962008731}
  m_PrefabAsset: {fileID: 0}
--- !u!1001 &4438149467795190567
PrefabInstance:
  m_ObjectHideFlags: 0
  serializedVersion: 2
  m_Modification:
    m_TransformParent: {fileID: 2144302967297430510}
    m_Modifications:
    - target: {fileID: 5010543982644176789, guid: 5992affb159791849b8ccea93cbd6d6c,
        type: 3}
      propertyPath: m_Name
      value: GrountBlock (13)
      objectReference: {fileID: 0}
    - target: {fileID: 5275629972027265357, guid: 5992affb159791849b8ccea93cbd6d6c,
        type: 3}
      propertyPath: m_LocalPosition.x
      value: -9.5
      objectReference: {fileID: 0}
    - target: {fileID: 5275629972027265357, guid: 5992affb159791849b8ccea93cbd6d6c,
        type: 3}
      propertyPath: m_LocalPosition.y
      value: 0
      objectReference: {fileID: 0}
    - target: {fileID: 5275629972027265357, guid: 5992affb159791849b8ccea93cbd6d6c,
        type: 3}
      propertyPath: m_LocalPosition.z
      value: -0.5
      objectReference: {fileID: 0}
    - target: {fileID: 5275629972027265357, guid: 5992affb159791849b8ccea93cbd6d6c,
        type: 3}
      propertyPath: m_LocalRotation.x
      value: 0
      objectReference: {fileID: 0}
    - target: {fileID: 5275629972027265357, guid: 5992affb159791849b8ccea93cbd6d6c,
        type: 3}
      propertyPath: m_LocalRotation.y
      value: -0
      objectReference: {fileID: 0}
    - target: {fileID: 5275629972027265357, guid: 5992affb159791849b8ccea93cbd6d6c,
        type: 3}
      propertyPath: m_LocalRotation.z
      value: -0
      objectReference: {fileID: 0}
    - target: {fileID: 5275629972027265357, guid: 5992affb159791849b8ccea93cbd6d6c,
        type: 3}
      propertyPath: m_LocalRotation.w
      value: 1
      objectReference: {fileID: 0}
    - target: {fileID: 5275629972027265357, guid: 5992affb159791849b8ccea93cbd6d6c,
        type: 3}
      propertyPath: m_RootOrder
      value: 14
      objectReference: {fileID: 0}
    - target: {fileID: 5275629972027265357, guid: 5992affb159791849b8ccea93cbd6d6c,
        type: 3}
      propertyPath: m_LocalEulerAnglesHint.x
      value: 0
      objectReference: {fileID: 0}
    - target: {fileID: 5275629972027265357, guid: 5992affb159791849b8ccea93cbd6d6c,
        type: 3}
      propertyPath: m_LocalEulerAnglesHint.y
      value: 0
      objectReference: {fileID: 0}
    - target: {fileID: 5275629972027265357, guid: 5992affb159791849b8ccea93cbd6d6c,
        type: 3}
      propertyPath: m_LocalEulerAnglesHint.z
      value: 0
      objectReference: {fileID: 0}
    m_RemovedComponents: []
  m_SourcePrefab: {fileID: 100100000, guid: 5992affb159791849b8ccea93cbd6d6c, type: 3}
--- !u!4 &8404197318929392234 stripped
Transform:
  m_CorrespondingSourceObject: {fileID: 5275629972027265357, guid: 5992affb159791849b8ccea93cbd6d6c,
    type: 3}
  m_PrefabInstance: {fileID: 4438149467795190567}
  m_PrefabAsset: {fileID: 0}
--- !u!1001 &4573995502419292335
PrefabInstance:
  m_ObjectHideFlags: 0
  serializedVersion: 2
  m_Modification:
    m_TransformParent: {fileID: 2144302967297430510}
    m_Modifications:
    - target: {fileID: 5010543982644176789, guid: 5992affb159791849b8ccea93cbd6d6c,
        type: 3}
      propertyPath: m_Name
      value: GrountBlock (18)
      objectReference: {fileID: 0}
    - target: {fileID: 5275629972027265357, guid: 5992affb159791849b8ccea93cbd6d6c,
        type: 3}
      propertyPath: m_LocalPosition.x
      value: -1.5
      objectReference: {fileID: 0}
    - target: {fileID: 5275629972027265357, guid: 5992affb159791849b8ccea93cbd6d6c,
        type: 3}
      propertyPath: m_LocalPosition.y
      value: 0
      objectReference: {fileID: 0}
    - target: {fileID: 5275629972027265357, guid: 5992affb159791849b8ccea93cbd6d6c,
        type: 3}
      propertyPath: m_LocalPosition.z
      value: -2.5
      objectReference: {fileID: 0}
    - target: {fileID: 5275629972027265357, guid: 5992affb159791849b8ccea93cbd6d6c,
        type: 3}
      propertyPath: m_LocalRotation.x
      value: 0
      objectReference: {fileID: 0}
    - target: {fileID: 5275629972027265357, guid: 5992affb159791849b8ccea93cbd6d6c,
        type: 3}
      propertyPath: m_LocalRotation.y
      value: -0
      objectReference: {fileID: 0}
    - target: {fileID: 5275629972027265357, guid: 5992affb159791849b8ccea93cbd6d6c,
        type: 3}
      propertyPath: m_LocalRotation.z
      value: -0
      objectReference: {fileID: 0}
    - target: {fileID: 5275629972027265357, guid: 5992affb159791849b8ccea93cbd6d6c,
        type: 3}
      propertyPath: m_LocalRotation.w
      value: 1
      objectReference: {fileID: 0}
    - target: {fileID: 5275629972027265357, guid: 5992affb159791849b8ccea93cbd6d6c,
        type: 3}
      propertyPath: m_RootOrder
      value: 19
      objectReference: {fileID: 0}
    - target: {fileID: 5275629972027265357, guid: 5992affb159791849b8ccea93cbd6d6c,
        type: 3}
      propertyPath: m_LocalEulerAnglesHint.x
      value: 0
      objectReference: {fileID: 0}
    - target: {fileID: 5275629972027265357, guid: 5992affb159791849b8ccea93cbd6d6c,
        type: 3}
      propertyPath: m_LocalEulerAnglesHint.y
      value: 0
      objectReference: {fileID: 0}
    - target: {fileID: 5275629972027265357, guid: 5992affb159791849b8ccea93cbd6d6c,
        type: 3}
      propertyPath: m_LocalEulerAnglesHint.z
      value: 0
      objectReference: {fileID: 0}
    m_RemovedComponents: []
  m_SourcePrefab: {fileID: 100100000, guid: 5992affb159791849b8ccea93cbd6d6c, type: 3}
--- !u!4 &8524422592360702434 stripped
Transform:
  m_CorrespondingSourceObject: {fileID: 5275629972027265357, guid: 5992affb159791849b8ccea93cbd6d6c,
    type: 3}
  m_PrefabInstance: {fileID: 4573995502419292335}
  m_PrefabAsset: {fileID: 0}
--- !u!1001 &4843460654847658444
PrefabInstance:
  m_ObjectHideFlags: 0
  serializedVersion: 2
  m_Modification:
    m_TransformParent: {fileID: 2144302967297430510}
    m_Modifications:
    - target: {fileID: 5010543982644176789, guid: 5992affb159791849b8ccea93cbd6d6c,
        type: 3}
      propertyPath: m_Name
      value: GrountBlock (8)
      objectReference: {fileID: 0}
    - target: {fileID: 5275629972027265357, guid: 5992affb159791849b8ccea93cbd6d6c,
        type: 3}
      propertyPath: m_LocalPosition.x
      value: -7.5
      objectReference: {fileID: 0}
    - target: {fileID: 5275629972027265357, guid: 5992affb159791849b8ccea93cbd6d6c,
        type: 3}
      propertyPath: m_LocalPosition.y
      value: 0
      objectReference: {fileID: 0}
    - target: {fileID: 5275629972027265357, guid: 5992affb159791849b8ccea93cbd6d6c,
        type: 3}
      propertyPath: m_LocalPosition.z
      value: 7.5
      objectReference: {fileID: 0}
    - target: {fileID: 5275629972027265357, guid: 5992affb159791849b8ccea93cbd6d6c,
        type: 3}
      propertyPath: m_LocalRotation.x
      value: 0
      objectReference: {fileID: 0}
    - target: {fileID: 5275629972027265357, guid: 5992affb159791849b8ccea93cbd6d6c,
        type: 3}
      propertyPath: m_LocalRotation.y
      value: -0
      objectReference: {fileID: 0}
    - target: {fileID: 5275629972027265357, guid: 5992affb159791849b8ccea93cbd6d6c,
        type: 3}
      propertyPath: m_LocalRotation.z
      value: -0
      objectReference: {fileID: 0}
    - target: {fileID: 5275629972027265357, guid: 5992affb159791849b8ccea93cbd6d6c,
        type: 3}
      propertyPath: m_LocalRotation.w
      value: 1
      objectReference: {fileID: 0}
    - target: {fileID: 5275629972027265357, guid: 5992affb159791849b8ccea93cbd6d6c,
        type: 3}
      propertyPath: m_RootOrder
      value: 9
      objectReference: {fileID: 0}
    - target: {fileID: 5275629972027265357, guid: 5992affb159791849b8ccea93cbd6d6c,
        type: 3}
      propertyPath: m_LocalEulerAnglesHint.x
      value: 0
      objectReference: {fileID: 0}
    - target: {fileID: 5275629972027265357, guid: 5992affb159791849b8ccea93cbd6d6c,
        type: 3}
      propertyPath: m_LocalEulerAnglesHint.y
      value: 0
      objectReference: {fileID: 0}
    - target: {fileID: 5275629972027265357, guid: 5992affb159791849b8ccea93cbd6d6c,
        type: 3}
      propertyPath: m_LocalEulerAnglesHint.z
      value: 0
      objectReference: {fileID: 0}
    m_RemovedComponents: []
  m_SourcePrefab: {fileID: 100100000, guid: 5992affb159791849b8ccea93cbd6d6c, type: 3}
--- !u!4 &721033680122828929 stripped
Transform:
  m_CorrespondingSourceObject: {fileID: 5275629972027265357, guid: 5992affb159791849b8ccea93cbd6d6c,
    type: 3}
  m_PrefabInstance: {fileID: 4843460654847658444}
  m_PrefabAsset: {fileID: 0}
--- !u!1001 &5238812010371359166
PrefabInstance:
  m_ObjectHideFlags: 0
  serializedVersion: 2
  m_Modification:
    m_TransformParent: {fileID: 2144302967297430510}
    m_Modifications:
    - target: {fileID: 5010543982644176789, guid: 5992affb159791849b8ccea93cbd6d6c,
        type: 3}
      propertyPath: m_Name
      value: GrountBlock (15)
      objectReference: {fileID: 0}
    - target: {fileID: 5275629972027265357, guid: 5992affb159791849b8ccea93cbd6d6c,
        type: 3}
      propertyPath: m_LocalPosition.x
      value: -7.5
      objectReference: {fileID: 0}
    - target: {fileID: 5275629972027265357, guid: 5992affb159791849b8ccea93cbd6d6c,
        type: 3}
      propertyPath: m_LocalPosition.y
      value: 0
      objectReference: {fileID: 0}
    - target: {fileID: 5275629972027265357, guid: 5992affb159791849b8ccea93cbd6d6c,
        type: 3}
      propertyPath: m_LocalPosition.z
      value: -2.5
      objectReference: {fileID: 0}
    - target: {fileID: 5275629972027265357, guid: 5992affb159791849b8ccea93cbd6d6c,
        type: 3}
      propertyPath: m_LocalRotation.x
      value: 0
      objectReference: {fileID: 0}
    - target: {fileID: 5275629972027265357, guid: 5992affb159791849b8ccea93cbd6d6c,
        type: 3}
      propertyPath: m_LocalRotation.y
      value: -0
      objectReference: {fileID: 0}
    - target: {fileID: 5275629972027265357, guid: 5992affb159791849b8ccea93cbd6d6c,
        type: 3}
      propertyPath: m_LocalRotation.z
      value: -0
      objectReference: {fileID: 0}
    - target: {fileID: 5275629972027265357, guid: 5992affb159791849b8ccea93cbd6d6c,
        type: 3}
      propertyPath: m_LocalRotation.w
      value: 1
      objectReference: {fileID: 0}
    - target: {fileID: 5275629972027265357, guid: 5992affb159791849b8ccea93cbd6d6c,
        type: 3}
      propertyPath: m_RootOrder
      value: 16
      objectReference: {fileID: 0}
    - target: {fileID: 5275629972027265357, guid: 5992affb159791849b8ccea93cbd6d6c,
        type: 3}
      propertyPath: m_LocalEulerAnglesHint.x
      value: 0
      objectReference: {fileID: 0}
    - target: {fileID: 5275629972027265357, guid: 5992affb159791849b8ccea93cbd6d6c,
        type: 3}
      propertyPath: m_LocalEulerAnglesHint.y
      value: 0
      objectReference: {fileID: 0}
    - target: {fileID: 5275629972027265357, guid: 5992affb159791849b8ccea93cbd6d6c,
        type: 3}
      propertyPath: m_LocalEulerAnglesHint.z
      value: 0
      objectReference: {fileID: 0}
    m_RemovedComponents: []
  m_SourcePrefab: {fileID: 100100000, guid: 5992affb159791849b8ccea93cbd6d6c, type: 3}
--- !u!4 &109549043413872883 stripped
Transform:
  m_CorrespondingSourceObject: {fileID: 5275629972027265357, guid: 5992affb159791849b8ccea93cbd6d6c,
    type: 3}
  m_PrefabInstance: {fileID: 5238812010371359166}
  m_PrefabAsset: {fileID: 0}
--- !u!1001 &5269656316057107962
PrefabInstance:
  m_ObjectHideFlags: 0
  serializedVersion: 2
  m_Modification:
    m_TransformParent: {fileID: 2144302967297430510}
    m_Modifications:
    - target: {fileID: 5010543982644176789, guid: 5992affb159791849b8ccea93cbd6d6c,
        type: 3}
      propertyPath: m_Name
      value: GrountBlock (1)
      objectReference: {fileID: 0}
    - target: {fileID: 5275629972027265357, guid: 5992affb159791849b8ccea93cbd6d6c,
        type: 3}
      propertyPath: m_LocalPosition.x
      value: 0.5
      objectReference: {fileID: 0}
    - target: {fileID: 5275629972027265357, guid: 5992affb159791849b8ccea93cbd6d6c,
        type: 3}
      propertyPath: m_LocalPosition.y
      value: 0
      objectReference: {fileID: 0}
    - target: {fileID: 5275629972027265357, guid: 5992affb159791849b8ccea93cbd6d6c,
        type: 3}
      propertyPath: m_LocalPosition.z
      value: 1.5
      objectReference: {fileID: 0}
    - target: {fileID: 5275629972027265357, guid: 5992affb159791849b8ccea93cbd6d6c,
        type: 3}
      propertyPath: m_LocalRotation.x
      value: 0
      objectReference: {fileID: 0}
    - target: {fileID: 5275629972027265357, guid: 5992affb159791849b8ccea93cbd6d6c,
        type: 3}
      propertyPath: m_LocalRotation.y
      value: -0
      objectReference: {fileID: 0}
    - target: {fileID: 5275629972027265357, guid: 5992affb159791849b8ccea93cbd6d6c,
        type: 3}
      propertyPath: m_LocalRotation.z
      value: -0
      objectReference: {fileID: 0}
    - target: {fileID: 5275629972027265357, guid: 5992affb159791849b8ccea93cbd6d6c,
        type: 3}
      propertyPath: m_LocalRotation.w
      value: 1
      objectReference: {fileID: 0}
    - target: {fileID: 5275629972027265357, guid: 5992affb159791849b8ccea93cbd6d6c,
        type: 3}
      propertyPath: m_RootOrder
      value: 2
      objectReference: {fileID: 0}
    - target: {fileID: 5275629972027265357, guid: 5992affb159791849b8ccea93cbd6d6c,
        type: 3}
      propertyPath: m_LocalEulerAnglesHint.x
      value: 0
      objectReference: {fileID: 0}
    - target: {fileID: 5275629972027265357, guid: 5992affb159791849b8ccea93cbd6d6c,
        type: 3}
      propertyPath: m_LocalEulerAnglesHint.y
      value: 0
      objectReference: {fileID: 0}
    - target: {fileID: 5275629972027265357, guid: 5992affb159791849b8ccea93cbd6d6c,
        type: 3}
      propertyPath: m_LocalEulerAnglesHint.z
      value: 0
      objectReference: {fileID: 0}
    m_RemovedComponents: []
  m_SourcePrefab: {fileID: 100100000, guid: 5992affb159791849b8ccea93cbd6d6c, type: 3}
--- !u!4 &6572871785442487 stripped
Transform:
  m_CorrespondingSourceObject: {fileID: 5275629972027265357, guid: 5992affb159791849b8ccea93cbd6d6c,
    type: 3}
  m_PrefabInstance: {fileID: 5269656316057107962}
  m_PrefabAsset: {fileID: 0}
--- !u!1001 &5600516516132057227
PrefabInstance:
  m_ObjectHideFlags: 0
  serializedVersion: 2
  m_Modification:
    m_TransformParent: {fileID: 2144302967297430510}
    m_Modifications:
    - target: {fileID: 5010543982644176789, guid: 5992affb159791849b8ccea93cbd6d6c,
        type: 3}
      propertyPath: m_Name
      value: GrountBlock (10)
      objectReference: {fileID: 0}
    - target: {fileID: 5275629972027265357, guid: 5992affb159791849b8ccea93cbd6d6c,
        type: 3}
      propertyPath: m_LocalPosition.x
      value: -9.5
      objectReference: {fileID: 0}
    - target: {fileID: 5275629972027265357, guid: 5992affb159791849b8ccea93cbd6d6c,
        type: 3}
      propertyPath: m_LocalPosition.y
      value: 0
      objectReference: {fileID: 0}
    - target: {fileID: 5275629972027265357, guid: 5992affb159791849b8ccea93cbd6d6c,
        type: 3}
      propertyPath: m_LocalPosition.z
      value: 5.5
      objectReference: {fileID: 0}
    - target: {fileID: 5275629972027265357, guid: 5992affb159791849b8ccea93cbd6d6c,
        type: 3}
      propertyPath: m_LocalRotation.x
      value: 0
      objectReference: {fileID: 0}
    - target: {fileID: 5275629972027265357, guid: 5992affb159791849b8ccea93cbd6d6c,
        type: 3}
      propertyPath: m_LocalRotation.y
      value: -0
      objectReference: {fileID: 0}
    - target: {fileID: 5275629972027265357, guid: 5992affb159791849b8ccea93cbd6d6c,
        type: 3}
      propertyPath: m_LocalRotation.z
      value: -0
      objectReference: {fileID: 0}
    - target: {fileID: 5275629972027265357, guid: 5992affb159791849b8ccea93cbd6d6c,
        type: 3}
      propertyPath: m_LocalRotation.w
      value: 1
      objectReference: {fileID: 0}
    - target: {fileID: 5275629972027265357, guid: 5992affb159791849b8ccea93cbd6d6c,
        type: 3}
      propertyPath: m_RootOrder
      value: 11
      objectReference: {fileID: 0}
    - target: {fileID: 5275629972027265357, guid: 5992affb159791849b8ccea93cbd6d6c,
        type: 3}
      propertyPath: m_LocalEulerAnglesHint.x
      value: 0
      objectReference: {fileID: 0}
    - target: {fileID: 5275629972027265357, guid: 5992affb159791849b8ccea93cbd6d6c,
        type: 3}
      propertyPath: m_LocalEulerAnglesHint.y
      value: 0
      objectReference: {fileID: 0}
    - target: {fileID: 5275629972027265357, guid: 5992affb159791849b8ccea93cbd6d6c,
        type: 3}
      propertyPath: m_LocalEulerAnglesHint.z
      value: 0
      objectReference: {fileID: 0}
    m_RemovedComponents: []
  m_SourcePrefab: {fileID: 100100000, guid: 5992affb159791849b8ccea93cbd6d6c, type: 3}
--- !u!4 &328698568134402502 stripped
Transform:
  m_CorrespondingSourceObject: {fileID: 5275629972027265357, guid: 5992affb159791849b8ccea93cbd6d6c,
    type: 3}
  m_PrefabInstance: {fileID: 5600516516132057227}
  m_PrefabAsset: {fileID: 0}
--- !u!1001 &5895495923036518427
PrefabInstance:
  m_ObjectHideFlags: 0
  serializedVersion: 2
  m_Modification:
    m_TransformParent: {fileID: 2144302967297430510}
    m_Modifications:
    - target: {fileID: 5010543982644176789, guid: 5992affb159791849b8ccea93cbd6d6c,
        type: 3}
      propertyPath: m_Name
      value: GrountBlock (17)
      objectReference: {fileID: 0}
    - target: {fileID: 5275629972027265357, guid: 5992affb159791849b8ccea93cbd6d6c,
        type: 3}
      propertyPath: m_LocalPosition.x
      value: -3.5
      objectReference: {fileID: 0}
    - target: {fileID: 5275629972027265357, guid: 5992affb159791849b8ccea93cbd6d6c,
        type: 3}
      propertyPath: m_LocalPosition.y
      value: 0
      objectReference: {fileID: 0}
    - target: {fileID: 5275629972027265357, guid: 5992affb159791849b8ccea93cbd6d6c,
        type: 3}
      propertyPath: m_LocalPosition.z
      value: -2.5
      objectReference: {fileID: 0}
    - target: {fileID: 5275629972027265357, guid: 5992affb159791849b8ccea93cbd6d6c,
        type: 3}
      propertyPath: m_LocalRotation.x
      value: 0
      objectReference: {fileID: 0}
    - target: {fileID: 5275629972027265357, guid: 5992affb159791849b8ccea93cbd6d6c,
        type: 3}
      propertyPath: m_LocalRotation.y
      value: -0
      objectReference: {fileID: 0}
    - target: {fileID: 5275629972027265357, guid: 5992affb159791849b8ccea93cbd6d6c,
        type: 3}
      propertyPath: m_LocalRotation.z
      value: -0
      objectReference: {fileID: 0}
    - target: {fileID: 5275629972027265357, guid: 5992affb159791849b8ccea93cbd6d6c,
        type: 3}
      propertyPath: m_LocalRotation.w
      value: 1
      objectReference: {fileID: 0}
    - target: {fileID: 5275629972027265357, guid: 5992affb159791849b8ccea93cbd6d6c,
        type: 3}
      propertyPath: m_RootOrder
      value: 18
      objectReference: {fileID: 0}
    - target: {fileID: 5275629972027265357, guid: 5992affb159791849b8ccea93cbd6d6c,
        type: 3}
      propertyPath: m_LocalEulerAnglesHint.x
      value: 0
      objectReference: {fileID: 0}
    - target: {fileID: 5275629972027265357, guid: 5992affb159791849b8ccea93cbd6d6c,
        type: 3}
      propertyPath: m_LocalEulerAnglesHint.y
      value: 0
      objectReference: {fileID: 0}
    - target: {fileID: 5275629972027265357, guid: 5992affb159791849b8ccea93cbd6d6c,
        type: 3}
      propertyPath: m_LocalEulerAnglesHint.z
      value: 0
      objectReference: {fileID: 0}
    m_RemovedComponents: []
  m_SourcePrefab: {fileID: 100100000, guid: 5992affb159791849b8ccea93cbd6d6c, type: 3}
--- !u!4 &1794631453662521686 stripped
Transform:
  m_CorrespondingSourceObject: {fileID: 5275629972027265357, guid: 5992affb159791849b8ccea93cbd6d6c,
    type: 3}
  m_PrefabInstance: {fileID: 5895495923036518427}
  m_PrefabAsset: {fileID: 0}
--- !u!1001 &6467445176790530917
PrefabInstance:
  m_ObjectHideFlags: 0
  serializedVersion: 2
  m_Modification:
    m_TransformParent: {fileID: 2144302967297430510}
    m_Modifications:
    - target: {fileID: 5010543982644176789, guid: 5992affb159791849b8ccea93cbd6d6c,
        type: 3}
      propertyPath: m_Name
      value: GrountBlock (14)
      objectReference: {fileID: 0}
    - target: {fileID: 5275629972027265357, guid: 5992affb159791849b8ccea93cbd6d6c,
        type: 3}
      propertyPath: m_LocalPosition.x
      value: -9.5
      objectReference: {fileID: 0}
    - target: {fileID: 5275629972027265357, guid: 5992affb159791849b8ccea93cbd6d6c,
        type: 3}
      propertyPath: m_LocalPosition.y
      value: 0
      objectReference: {fileID: 0}
    - target: {fileID: 5275629972027265357, guid: 5992affb159791849b8ccea93cbd6d6c,
        type: 3}
      propertyPath: m_LocalPosition.z
      value: -2.5
      objectReference: {fileID: 0}
    - target: {fileID: 5275629972027265357, guid: 5992affb159791849b8ccea93cbd6d6c,
        type: 3}
      propertyPath: m_LocalRotation.x
      value: 0
      objectReference: {fileID: 0}
    - target: {fileID: 5275629972027265357, guid: 5992affb159791849b8ccea93cbd6d6c,
        type: 3}
      propertyPath: m_LocalRotation.y
      value: -0
      objectReference: {fileID: 0}
    - target: {fileID: 5275629972027265357, guid: 5992affb159791849b8ccea93cbd6d6c,
        type: 3}
      propertyPath: m_LocalRotation.z
      value: -0
      objectReference: {fileID: 0}
    - target: {fileID: 5275629972027265357, guid: 5992affb159791849b8ccea93cbd6d6c,
        type: 3}
      propertyPath: m_LocalRotation.w
      value: 1
      objectReference: {fileID: 0}
    - target: {fileID: 5275629972027265357, guid: 5992affb159791849b8ccea93cbd6d6c,
        type: 3}
      propertyPath: m_RootOrder
      value: 15
      objectReference: {fileID: 0}
    - target: {fileID: 5275629972027265357, guid: 5992affb159791849b8ccea93cbd6d6c,
        type: 3}
      propertyPath: m_LocalEulerAnglesHint.x
      value: 0
      objectReference: {fileID: 0}
    - target: {fileID: 5275629972027265357, guid: 5992affb159791849b8ccea93cbd6d6c,
        type: 3}
      propertyPath: m_LocalEulerAnglesHint.y
      value: 0
      objectReference: {fileID: 0}
    - target: {fileID: 5275629972027265357, guid: 5992affb159791849b8ccea93cbd6d6c,
        type: 3}
      propertyPath: m_LocalEulerAnglesHint.z
      value: 0
      objectReference: {fileID: 0}
    m_RemovedComponents: []
  m_SourcePrefab: {fileID: 100100000, guid: 5992affb159791849b8ccea93cbd6d6c, type: 3}
--- !u!4 &1222224398426008104 stripped
Transform:
  m_CorrespondingSourceObject: {fileID: 5275629972027265357, guid: 5992affb159791849b8ccea93cbd6d6c,
    type: 3}
  m_PrefabInstance: {fileID: 6467445176790530917}
  m_PrefabAsset: {fileID: 0}
--- !u!1001 &6512736256125849917
PrefabInstance:
  m_ObjectHideFlags: 0
  serializedVersion: 2
  m_Modification:
    m_TransformParent: {fileID: 2144302967297430510}
    m_Modifications:
    - target: {fileID: 5010543982644176789, guid: 5992affb159791849b8ccea93cbd6d6c,
        type: 3}
      propertyPath: m_Name
      value: GrountBlock (4)
      objectReference: {fileID: 0}
    - target: {fileID: 5275629972027265357, guid: 5992affb159791849b8ccea93cbd6d6c,
        type: 3}
      propertyPath: m_LocalPosition.x
      value: 0.5
      objectReference: {fileID: 0}
    - target: {fileID: 5275629972027265357, guid: 5992affb159791849b8ccea93cbd6d6c,
        type: 3}
      propertyPath: m_LocalPosition.y
      value: 0
      objectReference: {fileID: 0}
    - target: {fileID: 5275629972027265357, guid: 5992affb159791849b8ccea93cbd6d6c,
        type: 3}
      propertyPath: m_LocalPosition.z
      value: 7.5
      objectReference: {fileID: 0}
    - target: {fileID: 5275629972027265357, guid: 5992affb159791849b8ccea93cbd6d6c,
        type: 3}
      propertyPath: m_LocalRotation.x
      value: 0
      objectReference: {fileID: 0}
    - target: {fileID: 5275629972027265357, guid: 5992affb159791849b8ccea93cbd6d6c,
        type: 3}
      propertyPath: m_LocalRotation.y
      value: -0
      objectReference: {fileID: 0}
    - target: {fileID: 5275629972027265357, guid: 5992affb159791849b8ccea93cbd6d6c,
        type: 3}
      propertyPath: m_LocalRotation.z
      value: -0
      objectReference: {fileID: 0}
    - target: {fileID: 5275629972027265357, guid: 5992affb159791849b8ccea93cbd6d6c,
        type: 3}
      propertyPath: m_LocalRotation.w
      value: 1
      objectReference: {fileID: 0}
    - target: {fileID: 5275629972027265357, guid: 5992affb159791849b8ccea93cbd6d6c,
        type: 3}
      propertyPath: m_RootOrder
      value: 5
      objectReference: {fileID: 0}
    - target: {fileID: 5275629972027265357, guid: 5992affb159791849b8ccea93cbd6d6c,
        type: 3}
      propertyPath: m_LocalEulerAnglesHint.x
      value: 0
      objectReference: {fileID: 0}
    - target: {fileID: 5275629972027265357, guid: 5992affb159791849b8ccea93cbd6d6c,
        type: 3}
      propertyPath: m_LocalEulerAnglesHint.y
      value: 0
      objectReference: {fileID: 0}
    - target: {fileID: 5275629972027265357, guid: 5992affb159791849b8ccea93cbd6d6c,
        type: 3}
      propertyPath: m_LocalEulerAnglesHint.z
      value: 0
      objectReference: {fileID: 0}
    m_RemovedComponents: []
  m_SourcePrefab: {fileID: 100100000, guid: 5992affb159791849b8ccea93cbd6d6c, type: 3}
--- !u!4 &1393633858974810224 stripped
Transform:
  m_CorrespondingSourceObject: {fileID: 5275629972027265357, guid: 5992affb159791849b8ccea93cbd6d6c,
    type: 3}
  m_PrefabInstance: {fileID: 6512736256125849917}
  m_PrefabAsset: {fileID: 0}
--- !u!1001 &7661832749822001762
PrefabInstance:
  m_ObjectHideFlags: 0
  serializedVersion: 2
  m_Modification:
    m_TransformParent: {fileID: 2144302967297430510}
    m_Modifications:
    - target: {fileID: 5010543982644176789, guid: 5992affb159791849b8ccea93cbd6d6c,
        type: 3}
      propertyPath: m_Name
      value: GrountBlock (9)
      objectReference: {fileID: 0}
    - target: {fileID: 5275629972027265357, guid: 5992affb159791849b8ccea93cbd6d6c,
        type: 3}
      propertyPath: m_LocalPosition.x
      value: -9.5
      objectReference: {fileID: 0}
    - target: {fileID: 5275629972027265357, guid: 5992affb159791849b8ccea93cbd6d6c,
        type: 3}
      propertyPath: m_LocalPosition.y
      value: 0
      objectReference: {fileID: 0}
    - target: {fileID: 5275629972027265357, guid: 5992affb159791849b8ccea93cbd6d6c,
        type: 3}
      propertyPath: m_LocalPosition.z
      value: 7.5
      objectReference: {fileID: 0}
    - target: {fileID: 5275629972027265357, guid: 5992affb159791849b8ccea93cbd6d6c,
        type: 3}
      propertyPath: m_LocalRotation.x
      value: 0
      objectReference: {fileID: 0}
    - target: {fileID: 5275629972027265357, guid: 5992affb159791849b8ccea93cbd6d6c,
        type: 3}
      propertyPath: m_LocalRotation.y
      value: -0
      objectReference: {fileID: 0}
    - target: {fileID: 5275629972027265357, guid: 5992affb159791849b8ccea93cbd6d6c,
        type: 3}
      propertyPath: m_LocalRotation.z
      value: -0
      objectReference: {fileID: 0}
    - target: {fileID: 5275629972027265357, guid: 5992affb159791849b8ccea93cbd6d6c,
        type: 3}
      propertyPath: m_LocalRotation.w
      value: 1
      objectReference: {fileID: 0}
    - target: {fileID: 5275629972027265357, guid: 5992affb159791849b8ccea93cbd6d6c,
        type: 3}
      propertyPath: m_RootOrder
      value: 10
      objectReference: {fileID: 0}
    - target: {fileID: 5275629972027265357, guid: 5992affb159791849b8ccea93cbd6d6c,
        type: 3}
      propertyPath: m_LocalEulerAnglesHint.x
      value: 0
      objectReference: {fileID: 0}
    - target: {fileID: 5275629972027265357, guid: 5992affb159791849b8ccea93cbd6d6c,
        type: 3}
      propertyPath: m_LocalEulerAnglesHint.y
      value: 0
      objectReference: {fileID: 0}
    - target: {fileID: 5275629972027265357, guid: 5992affb159791849b8ccea93cbd6d6c,
        type: 3}
      propertyPath: m_LocalEulerAnglesHint.z
      value: 0
      objectReference: {fileID: 0}
    m_RemovedComponents: []
  m_SourcePrefab: {fileID: 100100000, guid: 5992affb159791849b8ccea93cbd6d6c, type: 3}
--- !u!4 &2549743037799371567 stripped
Transform:
  m_CorrespondingSourceObject: {fileID: 5275629972027265357, guid: 5992affb159791849b8ccea93cbd6d6c,
    type: 3}
  m_PrefabInstance: {fileID: 7661832749822001762}
  m_PrefabAsset: {fileID: 0}
--- !u!1001 &8442844797002088562
PrefabInstance:
  m_ObjectHideFlags: 0
  serializedVersion: 2
  m_Modification:
    m_TransformParent: {fileID: 2144302967297430510}
    m_Modifications:
    - target: {fileID: 5010543982644176789, guid: 5992affb159791849b8ccea93cbd6d6c,
        type: 3}
      propertyPath: m_Name
      value: GrountBlock (7)
      objectReference: {fileID: 0}
    - target: {fileID: 5275629972027265357, guid: 5992affb159791849b8ccea93cbd6d6c,
        type: 3}
      propertyPath: m_LocalPosition.x
      value: -5.5
      objectReference: {fileID: 0}
    - target: {fileID: 5275629972027265357, guid: 5992affb159791849b8ccea93cbd6d6c,
        type: 3}
      propertyPath: m_LocalPosition.y
      value: 0
      objectReference: {fileID: 0}
    - target: {fileID: 5275629972027265357, guid: 5992affb159791849b8ccea93cbd6d6c,
        type: 3}
      propertyPath: m_LocalPosition.z
      value: 7.5
      objectReference: {fileID: 0}
    - target: {fileID: 5275629972027265357, guid: 5992affb159791849b8ccea93cbd6d6c,
        type: 3}
      propertyPath: m_LocalRotation.x
      value: 0
      objectReference: {fileID: 0}
    - target: {fileID: 5275629972027265357, guid: 5992affb159791849b8ccea93cbd6d6c,
        type: 3}
      propertyPath: m_LocalRotation.y
      value: -0
      objectReference: {fileID: 0}
    - target: {fileID: 5275629972027265357, guid: 5992affb159791849b8ccea93cbd6d6c,
        type: 3}
      propertyPath: m_LocalRotation.z
      value: -0
      objectReference: {fileID: 0}
    - target: {fileID: 5275629972027265357, guid: 5992affb159791849b8ccea93cbd6d6c,
        type: 3}
      propertyPath: m_LocalRotation.w
      value: 1
      objectReference: {fileID: 0}
    - target: {fileID: 5275629972027265357, guid: 5992affb159791849b8ccea93cbd6d6c,
        type: 3}
      propertyPath: m_RootOrder
      value: 8
      objectReference: {fileID: 0}
    - target: {fileID: 5275629972027265357, guid: 5992affb159791849b8ccea93cbd6d6c,
        type: 3}
      propertyPath: m_LocalEulerAnglesHint.x
      value: 0
      objectReference: {fileID: 0}
    - target: {fileID: 5275629972027265357, guid: 5992affb159791849b8ccea93cbd6d6c,
        type: 3}
      propertyPath: m_LocalEulerAnglesHint.y
      value: 0
      objectReference: {fileID: 0}
    - target: {fileID: 5275629972027265357, guid: 5992affb159791849b8ccea93cbd6d6c,
        type: 3}
      propertyPath: m_LocalEulerAnglesHint.z
      value: 0
      objectReference: {fileID: 0}
    m_RemovedComponents: []
  m_SourcePrefab: {fileID: 100100000, guid: 5992affb159791849b8ccea93cbd6d6c, type: 3}
--- !u!4 &4331846145598181695 stripped
Transform:
  m_CorrespondingSourceObject: {fileID: 5275629972027265357, guid: 5992affb159791849b8ccea93cbd6d6c,
    type: 3}
  m_PrefabInstance: {fileID: 8442844797002088562}
  m_PrefabAsset: {fileID: 0}
--- !u!1001 &8519786873311238898
PrefabInstance:
  m_ObjectHideFlags: 0
  serializedVersion: 2
  m_Modification:
    m_TransformParent: {fileID: 2144302967297430510}
    m_Modifications:
    - target: {fileID: 5010543982644176789, guid: 5992affb159791849b8ccea93cbd6d6c,
        type: 3}
      propertyPath: m_Name
      value: GrountBlock (11)
      objectReference: {fileID: 0}
    - target: {fileID: 5275629972027265357, guid: 5992affb159791849b8ccea93cbd6d6c,
        type: 3}
      propertyPath: m_LocalPosition.x
      value: -9.5
      objectReference: {fileID: 0}
    - target: {fileID: 5275629972027265357, guid: 5992affb159791849b8ccea93cbd6d6c,
        type: 3}
      propertyPath: m_LocalPosition.y
      value: 0
      objectReference: {fileID: 0}
    - target: {fileID: 5275629972027265357, guid: 5992affb159791849b8ccea93cbd6d6c,
        type: 3}
      propertyPath: m_LocalPosition.z
      value: 3.5
      objectReference: {fileID: 0}
    - target: {fileID: 5275629972027265357, guid: 5992affb159791849b8ccea93cbd6d6c,
        type: 3}
      propertyPath: m_LocalRotation.x
      value: 0
      objectReference: {fileID: 0}
    - target: {fileID: 5275629972027265357, guid: 5992affb159791849b8ccea93cbd6d6c,
        type: 3}
      propertyPath: m_LocalRotation.y
      value: -0
      objectReference: {fileID: 0}
    - target: {fileID: 5275629972027265357, guid: 5992affb159791849b8ccea93cbd6d6c,
        type: 3}
      propertyPath: m_LocalRotation.z
      value: -0
      objectReference: {fileID: 0}
    - target: {fileID: 5275629972027265357, guid: 5992affb159791849b8ccea93cbd6d6c,
        type: 3}
      propertyPath: m_LocalRotation.w
      value: 1
      objectReference: {fileID: 0}
    - target: {fileID: 5275629972027265357, guid: 5992affb159791849b8ccea93cbd6d6c,
        type: 3}
      propertyPath: m_RootOrder
      value: 12
      objectReference: {fileID: 0}
    - target: {fileID: 5275629972027265357, guid: 5992affb159791849b8ccea93cbd6d6c,
        type: 3}
      propertyPath: m_LocalEulerAnglesHint.x
      value: 0
      objectReference: {fileID: 0}
    - target: {fileID: 5275629972027265357, guid: 5992affb159791849b8ccea93cbd6d6c,
        type: 3}
      propertyPath: m_LocalEulerAnglesHint.y
      value: 0
      objectReference: {fileID: 0}
    - target: {fileID: 5275629972027265357, guid: 5992affb159791849b8ccea93cbd6d6c,
        type: 3}
      propertyPath: m_LocalEulerAnglesHint.z
      value: 0
      objectReference: {fileID: 0}
    m_RemovedComponents: []
  m_SourcePrefab: {fileID: 100100000, guid: 5992affb159791849b8ccea93cbd6d6c, type: 3}
--- !u!4 &4542602086081514431 stripped
Transform:
  m_CorrespondingSourceObject: {fileID: 5275629972027265357, guid: 5992affb159791849b8ccea93cbd6d6c,
    type: 3}
  m_PrefabInstance: {fileID: 8519786873311238898}
  m_PrefabAsset: {fileID: 0}
--- !u!1001 &9026896564319832561
PrefabInstance:
  m_ObjectHideFlags: 0
  serializedVersion: 2
  m_Modification:
    m_TransformParent: {fileID: 2144302967297430510}
    m_Modifications:
    - target: {fileID: 1144024361089991550, guid: 7d1b7e8a7f4c5b141a0efe492e221c9a,
        type: 3}
      propertyPath: m_Name
      value: MidBlock
      objectReference: {fileID: 0}
    - target: {fileID: 5350052499237285241, guid: 7d1b7e8a7f4c5b141a0efe492e221c9a,
        type: 3}
      propertyPath: m_LocalPosition.x
      value: 0
      objectReference: {fileID: 0}
    - target: {fileID: 5350052499237285241, guid: 7d1b7e8a7f4c5b141a0efe492e221c9a,
        type: 3}
      propertyPath: m_LocalPosition.y
      value: 0
      objectReference: {fileID: 0}
    - target: {fileID: 5350052499237285241, guid: 7d1b7e8a7f4c5b141a0efe492e221c9a,
        type: 3}
      propertyPath: m_LocalPosition.z
      value: 0
      objectReference: {fileID: 0}
    - target: {fileID: 5350052499237285241, guid: 7d1b7e8a7f4c5b141a0efe492e221c9a,
        type: 3}
      propertyPath: m_LocalRotation.x
      value: 0
      objectReference: {fileID: 0}
    - target: {fileID: 5350052499237285241, guid: 7d1b7e8a7f4c5b141a0efe492e221c9a,
        type: 3}
      propertyPath: m_LocalRotation.y
      value: 0
      objectReference: {fileID: 0}
    - target: {fileID: 5350052499237285241, guid: 7d1b7e8a7f4c5b141a0efe492e221c9a,
        type: 3}
      propertyPath: m_LocalRotation.z
      value: 0
      objectReference: {fileID: 0}
    - target: {fileID: 5350052499237285241, guid: 7d1b7e8a7f4c5b141a0efe492e221c9a,
        type: 3}
      propertyPath: m_LocalRotation.w
      value: 1
      objectReference: {fileID: 0}
    - target: {fileID: 5350052499237285241, guid: 7d1b7e8a7f4c5b141a0efe492e221c9a,
        type: 3}
      propertyPath: m_RootOrder
      value: 0
      objectReference: {fileID: 0}
    - target: {fileID: 5350052499237285241, guid: 7d1b7e8a7f4c5b141a0efe492e221c9a,
        type: 3}
      propertyPath: m_LocalEulerAnglesHint.x
      value: 0
      objectReference: {fileID: 0}
    - target: {fileID: 5350052499237285241, guid: 7d1b7e8a7f4c5b141a0efe492e221c9a,
        type: 3}
      propertyPath: m_LocalEulerAnglesHint.y
      value: 0
      objectReference: {fileID: 0}
    - target: {fileID: 5350052499237285241, guid: 7d1b7e8a7f4c5b141a0efe492e221c9a,
        type: 3}
      propertyPath: m_LocalEulerAnglesHint.z
      value: 0
      objectReference: {fileID: 0}
    m_RemovedComponents: []
  m_SourcePrefab: {fileID: 100100000, guid: 7d1b7e8a7f4c5b141a0efe492e221c9a, type: 3}
--- !u!4 &3997735217057031304 stripped
Transform:
  m_CorrespondingSourceObject: {fileID: 5350052499237285241, guid: 7d1b7e8a7f4c5b141a0efe492e221c9a,
    type: 3}
  m_PrefabInstance: {fileID: 9026896564319832561}
  m_PrefabAsset: {fileID: 0}
